@Article{asd,
author = {J. Paul Robinson PhD, Jennifer Sturgis BS and George L. Kumar PhD},
title = {Immunofluorescence},
journal = {IHC Staining Methods, Fifth Edition},
year = {2009},
}